@book{Kamal2009,
  Author = {Raj Kamal},
  Title = {Microcontrollers: Architecture, Programming, Interfacing and System Design},
  Publisher = {Prentice Hall},
  Year = {2009},
  Keywords = {basica},
  ISBN = {8131706974},
}

@book{Parhami2007,
  Author = {Behrooz Parhami},
  Title = {Arquitectura de computadoras (Spanish Edition)},
  Publisher = {McGraw-Hill Interamericana Editores S.A. de C.V.},
  Year = {2007},
  Keywords = {basica},
  ISBN = {9701061462}
}

@online{TivaUG2013,
author = {Texas Instrument},
title = {TIVA launchpad user guide},
year = {2013},
Keywords = {complementaria},
url = {http://www.ti.com/lit/ug/spmu296/spmu296.pdf},
}

@online{Tiva2014,
author = {Texas Instrument},
title = {TIVA TM4C123GH6PM Microcontroller},
year = {2014},
Keywords = {complementaria},
url = {http://www.ti.com/lit/ds/spms376e/spms376e.pdf},
}


